@Article{canny,
  author = 	 {J[] Canny},
  title = 	 {A Computational Approach To Edge Detection},
  journal = 	 {IEEE Trans. Pattern Analysis and Machine Intelligence},
  year = 	 1986,
  volume = 	 8,
  pages = 	 {679-714}
}

@Book{gee,
  author = 	 {J[on] Claerbout},
  title = 	 {Image estimation by example: {E}nvironmental soundings image enhancement},
  publisher = 	 {Stanford Exploration Project},
  year = 	 {2008},
  address = 	 {http://sepwww.stanford.edu/sep/prof/}
}

@Article{burg,
  author = 	 {S[] Fomel and P[] Sava and J[] Rickett and J[] F[] Claerbout},
  title = 	 {The {Wilson-Burg} method of spectral factorization with application to helical filtering},
  journal = 	 {Geophysical Prospecting},
  year = 	 2003,
  volume =	 51,
  pages =	 {409-420}
}

@Book{weickert,
  author =       {J[] Weickert},
  title =        {Anisotropic diffusion in image processing},
  publisher =    {B. G. Teubner Stuttgart},
  year =         1998
}

@Article{dubois,
  author = 	 {G[] Dubois},
  title = 	 {Spatial interpolation comparison 97: {Foreword} and introduction},
  journal = 	 {Journal of Geographic Information and Decision Analysis},
  year = 	 1999,
  volume =	 2,
  pages =	 {1-10}
}

@inproceedings{morgan,
   author = {J[] Claerbout and M[] Brown},
   booktitle = {61st Mtg.},
   pages = {Session:1009},
   publisher = {Eur. Assn. Geosci. Eng.},
   title = {Two-dimensional textures and prediction-error filters},
   year = {1999}
}

@Book{rain,
  editor =	 {G[] Dubois and J[] Malczewski and M[] De~Cort},
  title = 	 {Mapping radioactivity in the environment. {Spatial} {Interpolation} {Comparison} 1997.},
  publisher = 	 {Office for Official Publications of the European Communities},
  year = 	 2003,
  address =	 {Luxembourg},
  month =	 {May}
}

@Article{jim,
  author = 	 {D[] Marcotte},
  title = 	 {Fast variogram computation with {FFT}},
  journal = 	 {Computers and Geosciences},
  year = 	 1996,
  volume = 	 22,
  number = 	 10,
  pages = 	 {1175-1186}}

